<record xmlns:xsi="http://www.w3.org/2001/XMLSchema-instance" xmlns="http://www.loc.gov/MARC21/slim" xsi:schemaLocation="http://www.loc.gov/MARC21/slim http://www.loc.gov/standards/marcxml/schema/MARC21slim.xsd">

  <leader>00646nam a2200169Ia 4500</leader>
  <datafield ind1=" " tag="999" ind2=" ">
    <subfield code="c">1294</subfield>
    <subfield code="d">1294</subfield>
  </datafield>
  <controlfield tag="008">170601b1998    m  ||||| |||| 00| | spa d</controlfield>
  <datafield ind1=" " tag="090" ind2=" ">
    <subfield code="a">04.02.02 </subfield>
    <subfield code="b">846</subfield>
  </datafield>
  <datafield tag="110" ind1="2" ind2=" ">
    <subfield code="a">Universidad Nacional Autónoma de México.  Centro de Estudios sobre la Universidad</subfield>
    <subfield code="9">2886</subfield>
  </datafield>
  <datafield ind2="0" tag="245" ind1="1">
    <subfield code="a">Democracia, Hegemonía y Educación / </subfield>
    <subfield code="c">Universidad Nacional Autónoma de México.  Centro de Estudios sobre la Universidad</subfield>
  </datafield>
  <datafield ind2=" " tag="260" ind1=" ">
    <subfield code="a">México D.F. : </subfield>
    <subfield code="b">UNAM, </subfield>
    <subfield code="c">1998? </subfield>
  </datafield>
  <datafield ind1=" " tag="300" ind2=" ">
    <subfield code="a">1 volumen (en varias paginaciones)</subfield>
  </datafield>
  <datafield ind1=" " tag="600" ind2="0">
    <subfield code="a">LACLAU, ERNESTO</subfield>
    <subfield code="9">2887</subfield>
  </datafield>
  <datafield ind2="4" tag="650" ind1="1">
    <subfield code="a">DEMOCRACIA</subfield>
    <subfield code="9">589</subfield>
  </datafield>
  <datafield tag="650" ind1="1" ind2="4">
    <subfield code="a">GOBERNABILIDAD </subfield>
    <subfield code="9">1263</subfield>
  </datafield>
  <datafield ind2="4" ind1="1" tag="650">
    <subfield code="a">IDEOLOGÍAS</subfield>
    <subfield code="9">1975</subfield>
  </datafield>
  <datafield ind1=" " tag="942" ind2=" ">
    <subfield code="2">z</subfield>
    <subfield code="c">01</subfield>
  </datafield>
</record>